<record><leader>00000cas a22000007a 4500</leader><controlfield tag="001">17663300</controlfield><controlfield tag="008">880322d18481848aluuu ne      0    0eng d</controlfield><datafield ind1=" " ind2=" " tag="010"><subfield code="a">sn 88050060 </subfield></datafield><datafield ind1=" " ind2=" " tag="040"><subfield code="a">AAR</subfield><subfield code="b">eng</subfield><subfield code="c">AAR</subfield><subfield code="d">CPN</subfield><subfield code="d">OCLCQ</subfield></datafield><datafield ind1=" " ind2=" " tag="042"><subfield code="a">msc</subfield></datafield><datafield ind1="0" ind2="4" tag="245"><subfield code="a">The Old Zach.</subfield></datafield><datafield ind1=" " ind2=" " tag="260"><subfield code="a">Tuscaloosa, Ala. :</subfield><subfield code="b">M.D.J. Slade,</subfield><subfield code="c">1848.</subfield></datafield><datafield ind1=" " ind2=" " tag="300"><subfield code="a">v.</subfield></datafield><datafield ind1="0" ind2=" " tag="362"><subfield code="a">No. 1 (Mar. 13, 1848)-</subfield></datafield><datafield ind1=" " ind2=" " tag="500"><subfield code="a">A weekly paper, designed to advocate the election of Zachary Tayler, of Louisiana, to the Presidency of the United States."</subfield></datafield><datafield ind1=" " ind2=" " tag="500"><subfield code="a">"Whig campaign paper." Cf. Ellison, R.C., Hist. and bibliography of Ala. newspapers in the nineteenth century.</subfield></datafield><datafield ind1="2" ind2=" " tag="710"><subfield code="a">Whig Party (Ala.)</subfield></datafield><datafield ind1=" " ind2=" " tag="752"><subfield code="a">United States</subfield><subfield code="b">Alabama</subfield><subfield code="c">Tuscaloosa</subfield><subfield code="d">Tuscaloosa.</subfield></datafield><datafield ind1="1" ind2=" " tag="029"><subfield code="a">AU@</subfield><subfield code="b">000025803060</subfield></datafield></record>